<?xml version="1.0" encoding="UTF-8"?><collection xmlns="http://www.loc.gov/MARC21/slim"><record><leader>00348nam--2200133-i-4500</leader><controlfield tag="001">000047905</controlfield><controlfield tag="002">20161230</controlfield><controlfield tag="005">20161230201046</controlfield><controlfield tag="008">060222s1000------------r-----000-0-eng-d</controlfield><datafield ind1=" " ind2=" " tag="080"><subfield code="a">548:539.2:548.1.(083)</subfield></datafield><datafield ind1=" " ind2=" " tag="100"><subfield code="a">Wyckoff Ralph W.G</subfield></datafield><datafield ind1=" " ind2=" " tag="245"><subfield code="a">Crystal structures</subfield></datafield><datafield ind1=" " ind2=" " tag="260"><subfield code="a">New York, Intersccience Publ., 1960, Pagini Detasabile</subfield></datafield><datafield ind1=" " ind2=" " tag="852"><subfield code="a">1363</subfield></datafield></record></collection>